@article{Santoso2017,
  author = {Leo Willyanto Santoso and  Yulia},
  journal = {Procedia Computer Science},
  title = {Data Warehouse with Big Data Technology for Higher Education},
  year = {2017},
  pages = {93-99},
  volume = {124},
  ISSN = {18770509},
  DOI = {10.1016/j.procs.2017.12.134},
  URL = {https://linkinghub.elsevier.com/retrieve/pii/S1877050917329022},
}

@book{Smil2021,
  author = {Vaclav Smil},
  title = {Čísla nelžou},
  subtitle = {71 věcí, které byste měli vědět o světě},
  publisher = {Kniha Zlin},
  address = {Praha},
  year = {2021},
  ISBN = {978-80-7662-220-3},
}

@book{Kimballc2004,
  author = {Ralph Kimball and Joe Caserta},
  title = {The data warehouse ETL toolkit},
  subtitle = {practical techniques for extracting, cleaning, conforming, and delivering data},
  publisher = {Wiley},
  address = {Indianapolis, IN},
  year = {2004},
  ISBN = {978-0764567575},
}

@misc{g1GalPAsslEdUStN,
  journal = {IT služby Masarykovy univerzity},
  title = {Datawarehouse},
  address = {Brno},
  medium = {online},
  accessed = {2023-01-15},
  URL = {https://it.muni.cz/sluzby/datawarehouse},
}

@incollection{iM8QXqn0fID5MkMZ,
  booktitle = {Building the Data Warehouse},
  title = {A brief history of data warehousing and first-generation data warehouses},
  year = {2005},
  pages = {1-22},
  ISBN = {978-0080558332},
}

@masterthesis{Dedrle2015,
  author = {Tomáš Dedrle},
  title = {Analýza a dokumentace procesů provozu služeb v IT organizaci podle ITIL},
  address = {Brno},
  year = {2015},
  school = {FI MUNI},
  type = {Diplomová práce},
  URL = {https://is.muni.cz/th/w2996/},
}

@masterthesis{Springerova2020,
  author = {Pavlína Špringerová},
  title = {Analýza IT služeb Masarykovy univerzity z pohledu jejich vlastníků},
  address = {Brno},
  year = {2020},
  school = {FF MUNI},
  type = {Diplomová práce},
  URL = {https://is.muni.cz/th/n22js/.},
}

@book{Polaine2013,
  author = {Andrew Polaine and Lavrans Løvlie and Ben Reason},
  title = {Service design},
  subtitle = {from insight to implementation / by Andy Polaine, Lavrans Løvlie and Ben Reason},
  year = {2013},
  ISBN = {9781933820330},
}

@book{Augutter2013,
  author = {Claire Augutter},
  title = {ITIL Lifecycle Essentials},
  subtitle = {Your Essential Guide for the ITIL Foundation Exam and Beyond},
  publisher = {IT Governance Publishing},
  address = {Cambridgeshire, UK},
  year = {2013},
  ISBN = {978-1849284189},
}

@book{Carlidge2007,
  author = {Alison Carlidge and Ashley Hanna and Colin Rudd and Ivor Macfarlane and Stuart Rance},
  title = {An Introductory Overview of ITIL® V3},
  publisher = {The UK Chapter of the itSMF},
  address = {London, United Kingdom},
  year = {2007},
  ISBN = {0-9551245-8-1},
  medium = {online},
  accessed = {2023-01-10},
  URL = {https://itil.it.utah.edu/itilv3/docs/itSMF_ITILV3_Intro_Overview.pdf},
}

@misc{Foote19042018,
  author = {Keith D. Foote},
  journal = {Dataversity},
  title = {A Brief History of the Data Warehouse},
  publisher = {DATAVERSITY Inc.},
  address = {Studio City},
  year = {2018},
  medium = {online},
  accessed = {2023-01-29},
  URL = {https://www.dataversity.net/brief-history-data-warehouse/},
}

@article{Kratochvil2014,
  author = {Tomáš Kratochvíl},
  journal = {Systémová Integrace},
  title = {Principy tvorby a užití dashboardů},
  year = {2014},
  pages = {104-122},
  number = {21},
  ISSN = {18042716},
}

@book{Inmon2005,
  author = {W.H. Inmon },
  title = {Building the Data Warehouse},
  publisher = {Wiley},
  address = {Hoboken (New Jersey)},
  year = {2005},
  edition = {4th.},
  ISBN = {978-0764599446},
}

@book{Kimball2013,
  author = {Ralph Kimball and Margy Ross},
  title = {The Data Warehouse Toolkit: The Definitive Guide to Dimensional Modeling},
  publisher = {Wiley},
  address = {Hoboken (New Jersey)},
  year = {2013},
  edition = {3rd.},
  ISBN = {978-1118530801},
}

@book{Matula2017,
  author = {Jan Matula},
  title = {Informační management},
  subtitle = {normy, frameworky a nejlepší praxe v řízení služeb IT (ITSM)},
  publisher = {Slezská univerzita, Filozoficko-přírodovědecká fakulta v Opavě, Ústav bohemistiky a knihovnictví},
  address = {V Opavě},
  year = {2017},
  ISBN = {978-80-7510-264-5},
}

@article{FLapura2018,
  author = {Earl Von F. Lapura and John Kenneth J. Fernandez and Mark Jonathan K. Pagatpat and Dante D. Dinawanao},
  journal = {Procedia Computer Science},
  title = {Development of a University Financial Data Warehouse and its Visualization Tool},
  year = {2018},
  pages = {587-595},
  volume = {135},
  ISSN = {18770509},
  DOI = {10.1016/j.procs.2018.08.229},
  URL = {https://linkinghub.elsevier.com/retrieve/pii/S1877050918315254},
}

@article{Kovacevic2010,
  author = {S. Kovacevic and F Orucevic},
  journal = {Proceedings of the ITI 2010, 32nd International Conference on Information Technology Interfaces, Information Technology Interfaces (ITI),},
  title = {Using ITILv3 methodology for implementing new e-mail services in operator for producing and distributing electrical energy},
  year = {2010},
  pages = {147-154},
  volume = {2010},
  ISSN = {18770509},
}

@article{Agapito2020,
  author = {Giuseppe Agapito and Chiara Zucco and Mario Cannataro},
  journal = {International Journal of Environmental Research and Public Health},
  title = {COVID-WAREHOUSE},
  subtitle = {A Data Warehouse of Italian COVID-19, Pollution, and Climate Data},
  year = {2020},
  volume = {17},
  number = {15},
  ISSN = {1660-4601},
  DOI = {10.3390/ijerph17155596},
  URL = {https://www.mdpi.com/1660-4601/17/15/5596},
}

@article{Schuetz20180326,
  author = {Christoph G. Schuetz and Simon Schausberger and Michael Schrefl},
  journal = {Journal of Organizational Computing and Electronic Commerce},
  title = {Building an active semantic data warehouse for precision dairy farming},
  year = {2018-03-26},
  pages = {122-141},
  volume = {28},
  number = {2},
  ISSN = {1091-9392},
  DOI = {10.1080/10919392.2018.1444344},
  URL = {https://www.tandfonline.com/doi/full/10.1080/10919392.2018.1444344},
}

@article{Seneviratne20180124,
  author = {Martin G. Seneviratne and Tina Seto and Douglas W. Blayney and James D. Brooks and Tina Hernandez-Boussard},
  title = {Architecture and Implementation of a Clinical Research Data Warehouse for Prostate Cancer},
  year = {2018-01-24},
  volume = {6},
  number = {1},
  ISSN = {2327-9214},
  DOI = {10.5334/egems.234},
  URL = {https://up-j-gemgem.ubiquityjournal.website/articles/234},
}

@article{Harby20221217,
  author = {Ahmed A. Harby and Farhana Zulkernine},
  journal = {2022 IEEE International Conference on Big Data (Big Data)},
  title = {From Data Warehouse to Lakehouse},
  subtitle = {A Comparative Review},
  publisher = {IEEE},
  year = {2022-12-17},
  pages = {389-395},
  ISBN = {978-1-6654-8045-1},
  medium = {online},
  accessed = {2023-04-15},
  DOI = {10.1109/BigData55660.2022.10020719},
  URL = {https://ieeexplore.ieee.org/document/10020719/},
}

@misc{SyFvQA11lk1OaIec,
  journal = {University of Alaska},
  title = {ITIL® glossary and abbreviations},
  year = {2011},
  medium = {online},
  accessed = {2023-05-06},
  URL = {https://www.alaska.edu/files/oit/ITIL_2011_English_glossary_v1.0.pdf},
}

@misc{Watts3082017,
  author = {Stephen Watts},
  journal = {CompTIA},
  title = {ITSM Frameworks Explained},
  subtitle = {Which Are Most Popular?},
  address = {Downers Grove},
  year = {2017},
  medium = {online},
  accessed = {2023-05-15},
  URL = {https://www.comptia.org/blog/itsm-frameworks-explained-which-are-most-popular},
}

@misc{Kempter2722013,
  author = {Stefan Kempter},
  journal = {IT Process Maps},
  title = {ITIL 2011},
  subtitle = {Why the new ITIL 2011 Edition?},
  publisher = {IT Process Maps GbR},
  address = {Lindau},
  year = {2013},
  medium = {online},
  accessed = {2023-06-03},
  URL = {https://wiki.en.it-processmaps.com/index.php/ITIL_2011\#ITIL_2007_and_ITIL_2011:_Differences},
}







